

@article{Holst:Reville:2009,
title = "A simple statistical method for catch comparison studies ",
journal = "Fisheries Research ",
author = "Holst, R. and Revill, A.",
volume = "95",
number = "2--3",
pages = "254 - 259",
year = "2009",
}

@article{Millar:Fryer:1999,
year={1999},
issn={0960-3166},
journal={Reviews in Fish Biology and Fisheries},
volume={9},
number={1},
title={Estimating the size-selection curves of towed gears, traps, nets and hooks},
author={Millar, Russell B. and Fryer, Robert J.},
pages={89-116}
}

@article{Ligas:etal:survey:2014,
year={2014},
journal={AFBI and Marine Institute UWTV Survey report},
title={Western Irish Sea Nephrops Grounds (FU15) 2014 UWTV Survey Report and catch options for 2015.},
author={Ligas, A. and Doyle, J. and Lordan, C. and Brown, V. and Doran, S. and McArdle, J. and McCausland, I. and McCorriston, P. and Simpson, S. and and Sch{\"o}n, P.-J.},
pages={21pp}
}

@article{Frandsen:etal:2010,
author = {Frandsen, Rikke P. and Madsen, Niels and Krag, Ludvig A.}, 
title = {Selectivity and escapement behaviour of five commercial fishery species in standard square- and diamond-mesh codends},
volume = {67}, 
number = {8}, 
pages = {1721-1731}, 
year = {2010}, 
doi = {10.1093/icesjms/fsq050}, 
journal = {ICES Journal of Marine Science: Journal du Conseil} 
}
